%% This BibTeX bibliography file was created using BibDesk.
%% https://bibdesk.sourceforge.io/

%% Created for Patrick McCreery at 2023-04-20 18:45:59 -0400 


%% Saved with string encoding Unicode (UTF-8) 



@article{ray,
	author = {Philipp Moritz and Robert Nishihara and Stephanie Wang and Alexey Tumanov and Richard Liaw and Eric Liang and William Paul and Michael I. Jordan and Ion Stoica},
	bibsource = {dblp computer science bibliography, https://dblp.org},
	biburl = {https://dblp.org/rec/journals/corr/abs-1712-05889.bib},
	date-added = {2023-04-20 18:41:37 -0400},
	date-modified = {2023-04-20 18:41:53 -0400},
	eprint = {1712.05889},
	eprinttype = {arXiv},
	journal = {CoRR},
	timestamp = {Mon, 13 Aug 2018 16:46:39 +0200},
	title = {Ray: {A} Distributed Framework for Emerging {AI} Applications},
	url = {http://arxiv.org/abs/1712.05889},
	volume = {abs/1712.05889},
	year = {2017},
	bdsk-url-1 = {http://arxiv.org/abs/1712.05889}}

@inproceedings{opacities,
	adsnote = {Provided by the SAO/NASA Astrophysics Data System},
	adsurl = {https://ui.adsabs.harvard.edu/abs/1996ASPC...99..117G},
	author = {{Grevesse}, N. and {Noels}, A. and {Sauval}, A.~J.},
	booktitle = {Cosmic Abundances},
	date-added = {2023-04-20 18:36:17 -0400},
	date-modified = {2023-04-20 18:36:33 -0400},
	editor = {{Holt}, Stephen S. and {Sonneborn}, George},
	month = jan,
	pages = {117},
	series = {Astronomical Society of the Pacific Conference Series},
	title = {{Standard Abundances}},
	volume = {99},
	year = 1996}

@book{numrec,
	author = {{Press}, W.~H. and {Teukolsky}, S.~A. and {Vetterling}, W.~T. and {Flannery}, B.~P.},
	date-added = {2023-04-20 17:54:58 -0400},
	date-modified = {2023-04-20 18:01:15 -0400},
	publisher = {Cambridge University Press},
	title = {Numerical Recipes: The Art of Scientific Computing},
	year = {2007}}

@book{stelstrucev,
	author = {{Kippenhahn}, R. and {Weiss}, A. and {Weigert}, A.},
	date-added = {2023-04-20 17:53:37 -0400},
	date-modified = {2023-04-20 17:54:48 -0400},
	publisher = {Springer-Verlag},
	title = {Stellar Structure and Evolution},
	year = {2012}}

@book{stelint,
	author = {{Hansen}, C.~J. and {Kawaler}, S.~D. and {Trimble}, V.},
	date-added = {2023-04-20 17:49:23 -0400},
	date-modified = {2023-04-20 17:52:19 -0400},
	publisher = {Springer-Verlag},
	title = {Stellar Interiors},
	year = {2004}}

@article{asplund,
	adsnote = {Provided by the SAO/NASA Astrophysics Data System},
	adsurl = {https://ui.adsabs.harvard.edu/abs/2009ARA&A..47..481A},
	archiveprefix = {arXiv},
	author = {{Asplund}, Martin and {Grevesse}, Nicolas and {Sauval}, A. Jacques and {Scott}, Pat},
	date-added = {2023-04-20 17:47:20 -0400},
	date-modified = {2023-04-20 18:21:53 -0400},
	doi = {10.1146/annurev.astro.46.060407.145222},
	eprint = {0909.0948},
	journal = {\araa},
	keywords = {Astrophysics - Solar and Stellar Astrophysics, Astrophysics - Earth and Planetary Astrophysics},
	month = sep,
	number = {1},
	pages = {481-522},
	primaryclass = {astro-ph.SR},
	title = {{The Chemical Composition of the Sun}},
	volume = {47},
	year = 2009,
	bdsk-url-1 = {https://doi.org/10.1146/annurev.astro.46.060407.145222}}

@article{lowt,
	adsnote = {Provided by the SAO/NASA Astrophysics Data System},
	adsurl = {https://ui.adsabs.harvard.edu/abs/1994ApJ...437..879A},
	author = {{Alexander}, D.~R. and {Ferguson}, J.~W.},
	date-added = {2023-04-20 17:47:20 -0400},
	date-modified = {2023-04-20 18:22:09 -0400},
	doi = {10.1086/175039},
	journal = {\apj},
	keywords = {Cosmic Dust, Emission Spectra, Low Temperature, Molecular Spectra, Opacity, Plancks Constant, Radiative Transfer, Absorption Spectra, Equations Of State, Numerical Analysis, Rayleigh Scattering, Temperature Distribution, Triatomic Molecules, Astrophysics, MOLECULAR DATA, ATOMIC DATA},
	month = dec,
	pages = {879},
	title = {{Low-Temperature Rosseland Opacities}},
	volume = {437},
	year = 1994,
	bdsk-url-1 = {https://doi.org/10.1086/175039}}

@article{opal,
	adsnote = {Provided by the SAO/NASA Astrophysics Data System},
	adsurl = {https://ui.adsabs.harvard.edu/abs/1996ApJ...464..943I},
	author = {{Iglesias}, Carlos A. and {Rogers}, Forrest J.},
	date-added = {2023-04-20 17:47:20 -0400},
	date-modified = {2023-04-20 18:22:06 -0400},
	doi = {10.1086/177381},
	journal = {\apj},
	keywords = {ATOMIC DATA, ATOMIC PROCESSES, STARS: INTERIORS},
	month = jun,
	pages = {943},
	title = {{Updated Opal Opacities}},
	volume = {464},
	year = 1996,
	bdsk-url-1 = {https://doi.org/10.1086/177381}}

@article{scipy,
	adsurl = {https://rdcu.be/b08Wh},
	author = {Virtanen, Pauli and Gommers, Ralf and Oliphant, Travis E. and Haberland, Matt and Reddy, Tyler and Cournapeau, David and Burovski, Evgeni and Peterson, Pearu and Weckesser, Warren and Bright, Jonathan and {van der Walt}, St{\'e}fan J. and Brett, Matthew and Wilson, Joshua and Millman, K. Jarrod and Mayorov, Nikolay and Nelson, Andrew R. J. and Jones, Eric and Kern, Robert and Larson, Eric and Carey, C J and Polat, {\.I}lhan and Feng, Yu and Moore, Eric W. and {VanderPlas}, Jake and Laxalde, Denis and Perktold, Josef and Cimrman, Robert and Henriksen, Ian and Quintero, E. A. and Harris, Charles R. and Archibald, Anne M. and Ribeiro, Ant{\^o}nio H. and Pedregosa, Fabian and {van Mulbregt}, Paul and {SciPy 1.0 Contributors}},
	date-modified = {2023-04-20 18:21:44 -0400},
	doi = {10.1038/s41592-019-0686-2},
	journal = {Nature Methods},
	pages = {261--272},
	title = {{{SciPy} 1.0: Fundamental Algorithms for Scientific Computing in Python}},
	volume = {17},
	year = {2020},
	bdsk-url-1 = {https://doi.org/10.1038/s41592-019-0686-2}}

@article{mesa,
	adsnote = {Provided by the SAO/NASA Astrophysics Data System},
	adsurl = {https://ui.adsabs.harvard.edu/abs/2011ApJS..192....3P},
	archiveprefix = {arXiv},
	author = {{Paxton}, B. and {Bildsten}, L. and {Dotter}, A. and {Herwig}, F. and {Lesaffre}, P. and {Timmes}, F.},
	date-modified = {2023-04-20 18:45:57 -0400},
	doi = {10.1088/0067-0049/192/1/3},
	eid = {3},
	eprint = {1009.1622},
	journal = {\apjs},
	keywords = {methods: numerical, stars: evolution, stars: general},
	month = {jan},
	pages = {3},
	primaryclass = {astro-ph.SR},
	title = {{Modules for Experiments in Stellar Astrophysics (MESA)}},
	volume = {192},
	year = {2011},
	bdsk-url-1 = {https://doi.org/10.1088/0067-0049/192/1/3}}

@article{mist,
	doi = {10.3847/0004-637x/823/2/102},
  
	url = {https://doi.org/10.3847%2F0004-637x%2F823%2F2%2F102},
  
	year = 2016,
	month = {may},
  
	publisher = {American Astronomical Society},
  
	volume = {823},
  
	number = {2},
  
	pages = {102},
  
	author = {Jieun Choi and Aaron Dotter and Charlie Conroy and Matteo Cantiello and Bill Paxton and Benjamin D. Johnson},
  
	title = {{MESA} {ISOCHRONES} {AND} {STELLAR} {TRACKS} ({MIST}). I. {SOLAR}-{SCALED} {MODELS}
},
  
	journal = {The Astrophysical Journal}
}
